@article{HZ,
    author  = {Richard Hartley and Andrew Zisserman},
    title   = {Multiple View Geometry in computer vision},
    volume  = {Second Edition},
    year    = {2004},
 }

@article{Elements,
    author  = {Tomas Pajdla},
    title   = {Elements of Geometry for Computer Vision},
    year    = {2013},
 }

@article{HZ8,
    author  = {Richard I. Hartley GE-Corporate Research and Development},
    title   = {In Defence of the 8-point Algorithm},
    volume  = {Schenectady, NY, 12309,},
 }

@article{ZZ,
    author  = {Charles Loop and Zhengyou Zhang},
    title   ={Computing Rectifying Homographies for Stereo Vision},
    volume  = {Proceedings of IEEE Conference on Computer Vision and Pattern Recognition, Vol.1, pages 125–131, June 23-25, 1999. Fort Collins, Colorado, USA},
    year    = {1999 Errors corrected on June 6, 2001},
 }

@article{Peiffer,
    author  = {Jeanne Peiffer and Amy Dahan-Dalmedico},
    title   ={Wege und Irrwege - Eine Geschichte der Mathematik},
    volume  = {Editions du Seuil, Springer Basel AG , aus dem französischen von Klaus Volkert},
    year    = {1986, 1994 Springer Basel AG},
 }

@article{Roser,
    author  = {Dipl.-Ing. Martin Roser},
    title   ={Modellbasierte und positionsgenaue Erkennung von Regentropfen in Bildfolgen zur Verbesserung von viedeobasierten Fahrerassistenzfunktionen},
    volume  = {KIT Scientific Publishing},
    year    = {1986, 1994 Springer Basel AG},
 }

@article{Schwarz,
    author  = {Hans Rudolf Schwarz, Norbert Köckler },
    title   ={Numerische Mathematik},
    volume  = {8. Auflage},
    year    = {2011, Springer Verlag},
 }

@article{Scholz,
    author  = {Daniel Scholz },
    title   ={Numerik interaktiv, Grundlagen verstehen, Modelle erforschen und Verfahren anwenden mit taramath},
    year    = {2016, Sringer Verlag},
 }